<?xml version="1.0" encoding="UTF-8"?><collection xmlns="http://www.loc.gov/MARC21/slim"><record><leader>00653nam--2200205-i-4500</leader><controlfield tag="001">000036844</controlfield><controlfield tag="002">20161230</controlfield><controlfield tag="005">20161230201041</controlfield><controlfield tag="008">060222s1000------------r-----000-0-fre-d</controlfield><datafield ind1=" " ind2=" " tag="040"><subfield code="a">IFIN-HH</subfield></datafield><datafield ind1=" " ind2=" " tag="041"><subfield code="a">fre</subfield></datafield><datafield ind1=" " ind2=" " tag="080"><subfield code="a">537+535</subfield></datafield><datafield ind1="1" ind2=" " tag="100"><subfield code="a">Poincare, H</subfield></datafield><datafield ind1="1" ind2="0" tag="245"><subfield code="a">Electricite et optique</subfield><subfield code="b">La lumiere et les theories electrodynamiques lecons professees a la sorbonne en 1888, 1890 et 1899</subfield><subfield code="c">H. poincare</subfield></datafield><datafield ind1=" " ind2=" " tag="250"><subfield code="a">Deuxieme Edition, Revue Et Completee</subfield></datafield><datafield ind1=" " ind2=" " tag="260"><subfield code="a">Paris</subfield><subfield code="b">George Carre Et C. Naud, Editeurs</subfield><subfield code="c">1901</subfield></datafield><datafield ind1=" " ind2=" " tag="300"><subfield code="a">X + 641P</subfield></datafield><datafield ind1=" " ind2=" " tag="490"><subfield code="a">Cours De Physique Mathematique</subfield></datafield><datafield ind1=" " ind2=" " tag="852"><subfield code="a">1914</subfield><subfield code="c">537:538</subfield></datafield><datafield ind1=" " ind2=" " tag="CAT"><subfield code="a">Sys</subfield><subfield code="c">20110607</subfield><subfield code="h">134854</subfield></datafield></record></collection>